<!DOCTYPE html>
<html lang="en">
<head>
    <meta charset="UTF-8">
    <meta http-equiv="X-UA-Compatible" content="IE=edge">
    <meta name="viewport" content="width=device-width, initial-scale=1.0">
    <title>Hoflädle</title>
    <link rel="stylesheet" href="/assets/style.css">
    <script defer src="https://identity.netlify.com/v1/netlify-identity-widget.js"></script>
    <script src="/assets/script.js"></script>
</head>
<body>
    <header class="mobile">
        <input type="checkbox" id="ch-header">
        <label for="ch-header">
            <div id="hofladle-arrow">
                <p class="hofladle-mobile">Hoflädle <span class="arrow" onClick="toggleArrow()">&#8595;</span></p>
            </div>
        </label>
        <div id="more-header">
            <ul role="list">
                <li class="im-bruckle-mobile"><a href="/">Im Brückle</a></li>
                <li class="brennerei-mobile"><a href="/brennerei">Brennerei</a></li>
                <li class="weinlaube-mobile"><a href="/weinlaube">Weinlaube</a></li>
                <li class="kontakt-mobile"><a href="/kontakt">Kontakt</a></li>
                <li class="social-mobile">
                    <a href="#" class="instagram"></a>
                    <a href="#" class="facebook"></a>
                    <a href="#" class="youtube"></a>
                </li>
            </ul>
        </div>  
    </header>
    <header class="mobile-hide">
        <nav>
            <ul class="menu">
                <li id="im-bruckle"><a href="/">Im Brückle</a></li>
                <li id="hofladle"><a href="/#">Hoflädle</a></li>
                <li class="brennerei-mobile"><a href="/brennerei">Brennerei</a></li>
                <li id="weinlaube"><a href="/weinlaube">Weinlaube</a></li>
                <li id="kontakt"><a href="/kontakt">Kontakt</a></li>
                <li id="social">
                    <a href="#" class="instagram"></a>
                    <a href="#" class="facebook"></a>
                    <a href="#" class="youtube"></a>
                <li id="impressum"><a href="/impressum">Impressum und Datenschutz</a></li>
                </li>
            </ul>
        </nav>
    </header>
    <div class="main-hofladle">
        <div class="list">
            <p><strong>Hofladle</strong></p>
            <br>
            <p><strong>Zu unseren Produkten<br>vom Brückle</strong></p>
            <ul role="list">
                <li><a onclick="BoldText(this);" href="#honig">&#8627; Honig</a></li>
                <li><a onclick="BoldText(this);" href="#frucht">&#8627; Fruchtaufstrich hausgemacht</a></li>
                <li><a onclick="BoldText(this);" href="#wurst">&#8627; Dosenwurst hausgemacht</a></li>
                <li><a onclick="BoldText(this);" href="#walnusse">&#8627; Walnüsse*</a></li>
                <li><a onclick="BoldText(this);" href="#backwaren">&#8627; Backwaren</a></li>
                <br>
                <li><a onclick="BoldText(this);" href="#rotwein">&#8627; Rotwein</a></li>
                <li><a onclick="BoldText(this);" href="#weißwein">&#8627; Weißwein</a></li>
                <li><a onclick="BoldText(this);" href="#schillerwein">&#8627; Schillerwein/Roséwein</a></li>
                <li><a onclick="BoldText(this);" href="#sekt">&#8627; Sekt</a></li>
                <br>
                <li><a onclick="BoldText(this);" href="#saft">&#8627; Saft</a></li>
                <br>
                <li><a onclick="BoldText(this);" href="#most">&#8627; Most</a></li>
                <li><a onclick="BoldText(this);" href="#likor">&#8627; Likör</a></li>
                <li><a onclick="BoldText(this);" href="#schnaps">&#8627; Schnaps</a></li>
            </ul>
            <br>
            <p><strong>Öffnungszeiten</strong></p>
<p>Dienstag bis Freitag<br>
von 17:00 bis 19:00 Uhr<br>
<br></p>
<p>Samstag<br>
von 09:00 bis 11:00 Uhr<br>
<br></p>
<p>Montag geschlossen<br>
<br></p>
<p>Während unserer Besenöffnungszeit bekommen Sie samstags auch unsere leckeren Mini-Marmorkuchen bei uns.</p>

        </div>
        <div class="food">
            <div class="destination" id="honig">
                <p><strong>Honig</strong></p>
<p>Blütenhonig, 500g<br>
7,50€ (15,00€/kg)<br>
<br></p>
<p>Rapshonig, 500g<br>
7,50€ (15,00€/kg)<br>
<br></p>
<p>Akazienhonig, 500g<br>
7,50€ (15,00€/kg)<br>
<br></p>
<p>Tannenhonig, 500g<br>
7,50€ (15,00€/kg)</p>

            </div>
            <div class="destination" id="frucht">
                <p><strong>Fruchtaufstrich hausgemacht</strong></p>
<p>verschiedene Sorten aus Fruchtsaft oder aus der ganzen Frucht<br>
<br></p>
<p>200g Glas<br>
3,00€ (1,50€/100g)<br>
<br></p>
<p>400g Glas<br>
5,00€ (1,25€/100g)</p>

            </div>
            <div class="destination" id="wurst">
                <p><strong>Dosenwurst hausgemacht</strong></p>
<p>Leberwurst<br>
200g, 3,00€ (1,50€/100g)<br>
400g, 4,40€ (1,10€/100g)<br>
<br></p>
<p>Griebenwurst<br>
200g, 3,00€ (1,50€/100g)<br>
<br></p>
<p>Schweinskopfsülze<br>
400g, 4,40€ (1,10€/100g)<br>
<br></p>
<p>grobe Bratwurst<br>
200g, 3,00€ (1,50€/100g)<br>
<br></p>
<p>Schmalzfleisch<br>
400g, 4,40€ (1,10€/100g)<br>
<br></p>
<p>Griebenschmalz<br>
200g Becher, 3,50 (1,40€/100g)<br>
<br></p>
<p>Griebenschmalz mit Chilli<br>
200g Becher, 3,50 (1,40€/100g)</p>

            </div>
            <div class="destination" id="walnusse">
                <p><strong>Walnüsse</strong></p>
<p>1kg, 6,00€</p>

            </div>
            <div class="destination" id="backwaren">
                <p><strong>Backwaren im Brückle</strong></p>
<p>Wir backen für Sie leckere Backwaren aus unserem Holzofen:<br>
<br></p>
<p>Freitags und samstags:<br>
Bio-Holzofenbrot (Weizenmischbrot)<br>
<br></p>
<p>Freitags:<br>
Bio-Dinkelvollkornbrot<br>
<br></p>
<p>Samstags:<br>
Hefezöpfe mit und ohne Rosinen<br>
<br></p>
<p>freitags und samstags<br>
Bauernbrot*<br>
600g, 5,00€ (0,50€/100g)<br>
1000g, 3,00€ (0,50€/100g)<br>
<br></p>
<p>freitags<br>
Dinkel-Vollkornbrot*<br>
600g, 4,00€ (0,67€/100g)</p>
<p>samstags<br>
Hefezopf mit oder ohne Rosinen<br>
6,00€<br>
<br></p>
<p>*Biologisches Erzeungnis<br>
DE-ÖKO-006<br>
<br></p>
<p>Änderungen und Druckfehler vorbehaltren<br>
Alle Preise enthalten die gesätzliche Mehrwertsteuer</p>

            </div>
            <div class="destination" id="rotwein">
                <p><strong>Rotwein</strong></p>
<p>Trollinger trocken*<br>
1,00l, 6,50€<br>
<br></p>
<p>Trollinger mit Lemberger*<br>
0,75l, 5,00€ (6,67€/l)<br>
<br></p>
<p>Muskattrollinger*<br>
0,75l, 5,00€ (6,67€/l)<br>
<br></p>
<p>St. Laurent trocken*<br>
0,75l, 5,00€ (6,67€/l)<br>
<br></p>
<p>Monarch®*<br>
0,75l, 5,00€ (6,67€/l)<br>
<br></p>
<p>Regent trocken®*<br>
0,75l, 5,00€ (6,67€/l)<br>
<br></p>
<p>Lemberger trocken*<br>
0,75l, 5,00€ (6,67€/l)<br>
<br></p>
<p>Dornfelder trocken*<br>
0,75l, 5,00€ (6,67€/l)</p>

            </div>
            <div class="destination" id="weißwein">
                <p><strong>Weißwein</strong></p>
<p>Kerner trocken*<br>
1,00l, 6,50€<br>
<br></p>
<p>Riesling trocken* Müller-Thurgau*<br>
0,75l, 5,00€ (6,67€/l)<br>
<br></p>
<p>Solaris trocken®*<br>
0,75l, 5,00€ (6,67€/l)<br>
<br></p>
<p>Gewürztraminer trocken*<br>
0,75l, 5,00€ (6,67€/l)</p>

            </div>
            <div class="destination" id="schillerwein">
                <p><strong>Schillerwein/Roséwein</strong></p>
<p>Rotling trocken*<br>
1,00l, 6,50€<br>
<br></p>
<p>Lemberger Rosé trocken*<br>
0,75l, 5,00€ (6,67€/l)</p>

            </div>
            <div class="destination" id="sekt">
                <p><strong>Sekt</strong></p>
<p>Muskat-Trollinger trocken*<br>
0,75l, 11,50€ (15,33€/l)</p>

            </div>
            <div class="destination" id="saft">
                <p><strong>Saft</strong></p>
<p>Traubensaft*<br>
rot oder weiß<br>
1,0l, 3,00€, (inkl. 0,15€ Pfand)<br>
<br></p>
<p>Apfelsaft naturtrüb*<br>
1,0l, 2,00€, (inkl. 0,15€ Pfand)</p>

            </div>
            <div class="destination" id="most">
                <p><strong>Most</strong></p>
<p>Apfel-Birnen-Most trocken<br>
1,0l, 3,00€</p>

            </div>
            <div class="destination" id="likor">
                <p><strong>Likör 22% vol.</strong></p>
<p>0,5l Flasche, 10,20€ (20,40€/l)<br>
<br></p>
<p>0,2l Flasche, 5,50€ (27,50€/l)</p>

            </div>
            <div class="destination" id="schnaps">
                <p><strong>Schnaps 40% vol.</strong></p>
<p>Alexander-Lucas-Birnenbrand*<br>
1,0l, 20,00€</p>
<p>Blutwurzel*<br>
0,5l, 10,00€ (20,00€/l)</p>
<p>Harrow Sweet Birnenbrand*<br>
0,5l, 11,00€ (22,00€/l)</p>
<p>Himbeerbrand<br>
0,5l, 25,00€ (50,00€/l)</p>
<p>Himbeergeist<br>
0,5l, 25,00€ (50,00€/l)</p>
<p>Holunderbeere*<br>
0,5l, 10,00€ (10,00€/l)<br>
1,0l, 15,00€</p>
<p>Kirschwasser*<br>
1,0l, 15,00€</p>
<p>Kräuter<br>
1,0l, 14,00€</p>
<p>Mirabellenwasser*<br>
1,0l, 15,00€</p>
<p>Obstbrand aus Äpfel und Birnen*<br>
1,0l, 11,00€</p>
<p>Palmisch Birnenbrand*<br>
1,0l, 22,00€</p>
<p>Quittenbrand*<br>
0,5l, 11,00€ (22,00€/l)<br>
1,0l, 20,00€</p>
<p>Schweizer-Wasser-Birnenbrand*<br>
1,0l, 20,00€</p>
<p>Speierlingbrand<br>
0,375l, 41,00€ (109,33,00€/l)</p>
<p>Vogelbeere*<br>
0,5l, 10,00€ (20,00€/l)</p>
<p>Wacholder*<br>
0,5l, 10,00€ (20,00€/l)<br>
1,0l, 15,00€</p>
<p>Weintresterbrand*<br>
1,0l, 14,00€</p>
<p>Weißdorn*<br>
0,5l, 10,00€ (20,00€/l)</p>
<p>Zwetschgenwasser*<br>
1,0l, 15,00€</p>
<p>*Biologisches Erzeungnis DE-ÖKO-006<br>
°Pilzwiderstandsfähige Rebsorte</p>
<p>Änderungen und Druckfehler vorbehaltren<br>
Alle Preise enthalten die gesätzliche Mehrwertsteuer</p>

            </div>
        </div>
        <div class="mobile nach-oben">
            <a onclick="scrollToTop()">nach oben &#8593;</a>
        </div>
        <footer>
            <p>
                Weinlaube Im Brückle
                <br>Familie Michael Volz
                <br>Im Brückle 3
                <br>70839 Gerlingen
                <br>Telefon 07156-22246
                <br><br><a href="/impressum">Impressum, Datenschutz</a>
            </p>
        </footer>
    </div>
</body>
</html>